@misc{dash:whitepaper,
    author = {Duffield, Evan and Diaz, Daniel},
    title = {Dash: A Privacy-Centric Crypto-Currency},
    year = {2015},
    url = "https://github.com/dashpay/dash/wiki/Whitepaper",
}

@misc{dash:emission,
    title = {Official DASH documentation: Emission rate},
    url = "https://dashpay.atlassian.net/wiki/spaces/DOC/pages/134414366/Emission+rate"
}

@misc{zcash,
    title = {ZCash documentation},
    url = "https://z.cash/technology/index.html"
}

@misc{liquid,
    title = {Delegative democracy},
    url = "https://en.wikipedia.org/wiki/Delegative_democracy"
}

@misc{zrx,
    title = {Governance in 0x Protocol},
    url = "https://blog.0xproject.com/governance-in-0x-protocol-86779ae5809e"
}

@misc{aragon,
    title = {Thoughts On Governance and Network Effects},
    url = "https://blog.aragon.one/thoughts-on-governance-and-network-effects-f40fda3e3f98"
}
